@article{terry2000measuring,
  title={Measuring the flexibility of information technology infrastructure: Exploratory analysis of a construct},
  author={Byrd, Terry Anthony and Turner,  Douglas E},
  journal={Journal of management information systems},
  volume={17},
  number={1},
  pages={167--208},
  year={2000},
  publisher={Taylor \& Francis}
}

@article{chin2003partial,
  title={A partial least squares latent variable modeling approach for measuring interaction effects: Results from a Monte Carlo simulation study and an electronic-mail emotion/adoption study},
  author={Chin, Wynne W and Marcolin, Barbara L and Newsted, Peter R},
  journal={Information systems research},
  volume={14},
  number={2},
  pages={189--217},
  year={2003},
  publisher={INFORMS}
}

@book{mccullagh2018generalized,
  title={Generalized linear models},
  author={McCullagh, Peter},
  year={2018},
  publisher={Routledge}
}

@book{evergreen2019effective,
  title={Effective data visualization: The right chart for the right data},
  author={Evergreen, Stephanie DH},
  year={2019},
  publisher={Sage Publications}
}
@article{fayyad1996data,
  title={From data mining to knowledge discovery in databases},
  author={Fayyad, Usama and Piatetsky-Shapiro, Gregory and Smyth, Padhraic},
  journal={AI magazine},
  volume={17},
  number={3},
  pages={37},
  year={1996}
}

@article{fichman2004real,
  title={Real options and IT platform adoption: Implications for theory and practice},
  author={Fichman, Robert G},
  journal={Information systems research},
  volume={15},
  number={2},
  pages={132--154},
  year={2004},
  publisher={INFORMS}
}

@article{lewis2003sources,
  title={Sources of influence on beliefs about information technology use: An empirical study of knowledge workers},
  author={Lewis, William and Agarwal, Ritu and Sambamurthy, Vallabh},
  journal={MIS quarterly},
  pages={657--678},
  year={2003},
  publisher={JSTOR}
}

@article{paulussen2013multi,
  title={Multi-Agent Based Information Systems for Patient Coordination in Hospitals},
  author={Paulussen, Torsten and Heinzl, Armin and Becker, Christian},
  year={2013}
}

@article{sambamurthy2003shaping,
  title={Shaping agility through digital options: Reconceptualizing the role of information technology in contemporary firms},
  author={Sambamurthy, Vallabh and Bharadwaj, Anandhi and Grover, Varun},
  journal={MIS quarterly},
  pages={237--263},
  year={2003},
  publisher={JSTOR}
}

@article{silva2007epistemological,
  title={Epistemological and theoretical challenges for studying power and politics in information systems},
  author={Silva, Leiser},
  journal={Information Systems Journal},
  volume={17},
  number={2},
  pages={165--183},
  year={2007},
  publisher={Wiley Online Library}
}

@article{soh1995creates,
  title={How IT creates business value: a process theory synthesis},
  author={Soh, Christina and Markus, M Lynne},
  journal={ICIS 1995 Proceedings},
  pages={4},
  year={1995}
}

@article{tallon2007process,
  title={A process-oriented perspective on the alignment of information technology and business strategy},
  author={Tallon, Paul P},
  journal={Journal of Management Information Systems},
  volume={24},
  number={3},
  pages={227--268},
  year={2007},
  publisher={Taylor \& Francis}
}

@misc{venkatesh2011,
  title={Road to Success A Guide for Doctoral Students and Junior Faculty Members in the Behavioral and Social Sciences},
  author={Venkatesh, V},
  year={2011},
  publisher={Taylor \& Francis}
}






